@article{Hume1941,
annote = {Shows the inertness of SiC},
author = {Hume, D N and Kolthoff, I M},
doi = {10.1021/ja01855a089},
file = {:Users/mattiasjansson/Documents/Exjobb/Papers/ja01855a089.pdf:pdf},
isbn = {0002-7863},
issn = {00027863},
journal = {Journal of the American Chemical Society},
pages = {2805--2806},
title = {{The Silicon Carbide Electrode}},
url = {http://dx.doi.org/10.1021/ja01855a089},
volume = {63},
year = {1941}
}
@article{Acheson1893,
author = {Acheson, E.G.},
doi = {10.1016/0016-0032(93)90369-6},
file = {:Users/mattiasjansson/Documents/Exjobb/Papers/1-s2.0-001600329390311H-main.pdf:pdf},
issn = {00160032},
journal = {Journal of the Franklin Institute},
pages = {279--289},
title = {{Carborundum: Its history, manufacture and uses}},
volume = {136},
year = {1893}
}
