Automatically generated by Mendeley Desktop 1.13.4
Any changes to this file will be lost if it is regenerated by Mendeley.

BibTeX export options can be customized via Preferences -> BibTeX in Mendeley Desktop

@article{Jokubavicius2014,
author = {Jokubavicius, Valdas and Yazdi, G Reza and Liljedahl, Rickard and Ivanov, Ivan G and Yakimova, Rositsa},
file = {:Users/mattiasjansson/Documents/Exjobb/Papers/cg501424e.pdf:pdf},
journal = {Crystal growth and design},
keywords = {Background},
mendeley-tags = {Background},
title = {{Lateral Enlargement Growth Mechanism of 3C-SiC on Off-Oriented 4H-SiC Substrates}},
year = {2014}
}
