Automatically generated by Mendeley Desktop 1.13.4
Any changes to this file will be lost if it is regenerated by Mendeley.

BibTeX export options can be customized via Preferences -> BibTeX in Mendeley Desktop

@article{Richards2003,
abstract = {Cubic silicon carbide (3C-SiC) is being investigated for two third generation photovoltaic (PV) devices - the impurity photovoltaic (IPV) solar cell, and a silicon carbide/silicon superlattice structure for the upper cell in a tandem solar cell.},
annote = {Artikeln om B-SiC som solcell.},
author = {Richards, B.S. and Lambertz, a. and Corkish, R.P. and Zorman, C.a. and Mehregany, M. and Ionescu, M. and Green, M.a.},
doi = {10.1109/WCPEC.2003.1305157},
file = {:Users/mattiasjansson/Documents/Exjobb/Papers/01305157.pdf:pdf},
isbn = {4-9901816-0-3},
journal = {3rd World Conference onPhotovoltaic Energy Conversion, 2003. Proceedings of},
pages = {2738--2741},
title = {{3C-SiC as a future photovoltaic material}},
volume = {3},
year = {2003}
}
