Automatically generated by Mendeley Desktop 1.13.4
Any changes to this file will be lost if it is regenerated by Mendeley.

BibTeX export options can be customized via Preferences -> BibTeX in Mendeley Desktop

@article{Yasuda2012,
annote = {Jianwu - Water splitting},
author = {Yasuda, Tomonari and Kato, Masashi and Ichimura, Masaya},
doi = {10.4028/www.scientific.net/MSF.717-720.585},
file = {:Users/mattiasjansson/Documents/Exjobb/Papers/ws3.pdf:pdf},
issn = {1662-9752},
journal = {Materials Science Forum},
keywords = {abstract,an eco-friendly energy resource,conversion efficiency using conventional,easily,emission,enough,however,hydrogen,hydrogen attracts attention as,hydrogen without co 2,materials is not high,or the materials corrode,photoelectrochemical properties,semiconductor materials can generate,the hydrogen,the water splitting by,water splitting},
month = may,
pages = {585--588},
title = {{Characterization of Photoelectrochemical Properties of SiC as a Water Splitting Material}},
url = {http://www.scientific.net/MSF.717-720.585},
volume = {717-720},
year = {2012}
}
@article{Kato2014,
author = {Kato, Masashi and Yasuda, Tomonari and Miyake, Keiko and Ichimura, Masaya and Hatayama, Tomoaki},
doi = {10.1016/j.ijhydene.2014.01.049},
file = {:Users/mattiasjansson/Documents/Exjobb/Papers/ws2.pdf:pdf},
issn = {03603199},
journal = {International Journal of Hydrogen Energy},
month = mar,
number = {10},
pages = {4845--4849},
publisher = {Elsevier Ltd},
title = {{Epitaxial p-type SiC as a self-driven photocathode for water splitting}},
url = {http://linkinghub.elsevier.com/retrieve/pii/S0360319914000998},
volume = {39},
year = {2014}
}
@article{Chen2010,
annote = {Review paper on the use of semiconductors as electrodes for water splitting.},
author = {Chen, Xiaobo and Shen, Shaohua and Guo, Liejin and Mao, Samuel S},
doi = {10.1021/cr1001645},
file = {:Users/mattiasjansson/Documents/Exjobb/Papers/cr1001645.pdf:pdf},
issn = {1520-6890},
journal = {Chemical reviews},
month = nov,
number = {11},
pages = {6503--70},
pmid = {21062099},
title = {{Semiconductor-based photocatalytic hydrogen generation.}},
url = {http://www.ncbi.nlm.nih.gov/pubmed/21062099},
volume = {110},
year = {2010}
}
