Automatically generated by Mendeley Desktop 1.13.8
Any changes to this file will be lost if it is regenerated by Mendeley.

BibTeX export options can be customized via Preferences -> BibTeX in Mendeley Desktop

@article{Schuh2014,
annote = {Fr\aa n Mikael. Exjobb.},
author = {Schuh, Philipp},
file = {:Users/mattiasjansson/Documents/Exjobb/Papers/Master\_Thesis\_Final\_Schuh.pdf:pdf},
title = {{GROWTH AND CHARACTERIZATION OF BORON DOPED 3C-SIC AS SOLAR CELL MATERIAL}},
year = {2014}
}
