Automatically generated by Mendeley Desktop 1.13.4
Any changes to this file will be lost if it is regenerated by Mendeley.

BibTeX export options can be customized via Preferences -> BibTeX in Mendeley Desktop

@article{TaeSong2013,
annote = {Fr\aa n Jianwu om watersplitting},
author = {{Tae Song}, Jun and Mashiko, Hisanori and Kamiya, Masayuki and Nakamine, Yoshifumi and Ohtomo, Akira and Iwasaki, Takayuki and Hatano, Mutsuko},
doi = {10.1063/1.4832333},
file = {:Users/mattiasjansson/Documents/Exjobb/Papers/ws1.pdf:pdf},
issn = {00036951},
journal = {Applied Physics Letters},
number = {21},
pages = {213901},
title = {{Improved visible light driven photoelectrochemical properties of 3C-SiC semiconductor with Pt nanoparticles for hydrogen generation}},
url = {http://scitation.aip.org/content/aip/journal/apl/103/21/10.1063/1.4832333},
volume = {103},
year = {2013}
}
@article{Yasuda2012a,
author = {Yasuda, Tomonari and Kato, Masashi and Ichimura, Masaya and Hatayama, Tomoaki},
doi = {10.1063/1.4740079},
file = {:Users/mattiasjansson/Documents/Exjobb/Papers/1.4740079.pdf:pdf},
issn = {00036951},
journal = {Applied Physics Letters},
pages = {12--15},
title = {{SiC photoelectrodes for a self-driven water-splitting cell}},
volume = {101},
year = {2012}
}
@book{Tseng,
annote = {Fr\aa n Jianwu om watersplitting},
author = {Tseng, Wei-jhih},
file = {:Users/mattiasjansson/Documents/Exjobb/Papers/ws5.pdf:pdf},
isbn = {9789086497713},
title = {{Photoelectrochemical Study of n-GaN for Water Photoelectrolysis}},
year = {2014}
}
