Automatically generated by Mendeley Desktop 1.13.4
Any changes to this file will be lost if it is regenerated by Mendeley.

BibTeX export options can be customized via Preferences -> BibTeX in Mendeley Desktop

@article{Kalinina2007,
author = {Kalinina, E. V.},
doi = {10.1134/S1063782607070019},
file = {:Users/mattiasjansson/Documents/Exjobb/Papers/art\%3A10.1134\%2FS1063782607070019.pdf:pdf},
issn = {1063-7826},
journal = {Semiconductors},
number = {7},
pages = {745--783},
title = {{The effect of irradiation on the properties of SiC and devices based on this compound}},
volume = {41},
year = {2007}
}
@article{Nava2008,
annote = {Review of properties of epitaxial 4H, from the view point of SiC as a radiation detector.},
author = {Nava, F and Bertuccio, G and Cavallini, a and Vittone, E},
doi = {10.1088/0957-0233/19/10/102001},
file = {:Users/mattiasjansson/Documents/Exjobb/Papers/0957-0233\_19\_10\_102001.pdf:pdf},
issn = {0957-0233},
journal = {Measurement Science and Technology},
pages = {102001},
title = {{Silicon carbide and its use as a radiation detector material}},
volume = {19},
year = {2008}
}
@article{Lebedev2004,
annote = {On radiation detectors of SiC.},
author = {Lebedev},
doi = {10.1134/1.1648363},
file = {:Users/mattiasjansson/Documents/Exjobb/Papers/document(1).pdf:pdf},
issn = {10637826},
journal = {Semiconductors},
number = {2},
pages = {125},
title = {{Radiation Resistance of SiC and Nuclear-Radiation Detectors Based on SiC Films}},
volume = {38},
year = {2004}
}
