Automatically generated by Mendeley Desktop 1.14
Any changes to this file will be lost if it is regenerated by Mendeley.

BibTeX export options can be customized via Preferences -> BibTeX in Mendeley Desktop

@article{Fairman1994,
author = {Fairman, Richard a. and Spence, Kirk V. N. and Kahwa, Ishenkumba a.},
doi = {10.1063/1.1145165},
file = {:Users/mattiasjansson/Documents/Exjobb/Papers/1.1145165.pdf:pdf},
issn = {00346748},
journal = {Review of Scientific Instruments},
number = {1994},
pages = {503},
title = {{A simple liquid nitrogen gas-flow cryostat for variable temperature laser luminescence studies}},
url = {http://scitation.aip.org/content/aip/journal/rsi/65/2/10.1063/1.1145165},
volume = {65},
year = {1994}
}
